%YAML 1.1
%TAG !u! tag:unity3d.com,2011:
--- !u!29 &1
OcclusionCullingSettings:
  m_ObjectHideFlags: 0
  serializedVersion: 2
  m_OcclusionBakeSettings:
    smallestOccluder: 5
    smallestHole: 0.25
    backfaceThreshold: 100
  m_SceneGUID: 00000000000000000000000000000000
  m_OcclusionCullingData: {fileID: 0}
--- !u!104 &2
RenderSettings:
  m_ObjectHideFlags: 0
  serializedVersion: 9
  m_Fog: 0
  m_FogColor: {r: 0.5, g: 0.5, b: 0.5, a: 1}
  m_FogMode: 3
  m_FogDensity: 0.01
  m_LinearFogStart: 0
  m_LinearFogEnd: 300
  m_AmbientSkyColor: {r: 0.212, g: 0.227, b: 0.259, a: 1}
  m_AmbientEquatorColor: {r: 0.114, g: 0.125, b: 0.133, a: 1}
  m_AmbientGroundColor: {r: 0.047, g: 0.043, b: 0.035, a: 1}
  m_AmbientIntensity: 1
  m_AmbientMode: 0
  m_SubtractiveShadowColor: {r: 0.42, g: 0.478, b: 0.627, a: 1}
  m_SkyboxMaterial: {fileID: 10304, guid: 0000000000000000f000000000000000, type: 0}
  m_HaloStrength: 0.5
  m_FlareStrength: 1
  m_FlareFadeSpeed: 3
  m_HaloTexture: {fileID: 0}
  m_SpotCookie: {fileID: 10001, guid: 0000000000000000e000000000000000, type: 0}
  m_DefaultReflectionMode: 0
  m_DefaultReflectionResolution: 128
  m_ReflectionBounces: 1
  m_ReflectionIntensity: 1
  m_CustomReflection: {fileID: 0}
  m_Sun: {fileID: 0}
  m_IndirectSpecularColor: {r: 0.44657898, g: 0.4964133, b: 0.5748178, a: 1}
  m_UseRadianceAmbientProbe: 0
--- !u!157 &3
LightmapSettings:
  m_ObjectHideFlags: 0
  serializedVersion: 12
  m_GIWorkflowMode: 1
  m_GISettings:
    serializedVersion: 2
    m_BounceScale: 1
    m_IndirectOutputScale: 1
    m_AlbedoBoost: 1
    m_EnvironmentLightingMode: 0
    m_EnableBakedLightmaps: 1
    m_EnableRealtimeLightmaps: 0
  m_LightmapEditorSettings:
    serializedVersion: 12
    m_Resolution: 2
    m_BakeResolution: 40
    m_AtlasSize: 1024
    m_AO: 0
    m_AOMaxDistance: 1
    m_CompAOExponent: 1
    m_CompAOExponentDirect: 0
    m_ExtractAmbientOcclusion: 0
    m_Padding: 2
    m_LightmapParameters: {fileID: 0}
    m_LightmapsBakeMode: 1
    m_TextureCompression: 1
    m_FinalGather: 0
    m_FinalGatherFiltering: 1
    m_FinalGatherRayCount: 256
    m_ReflectionCompression: 2
    m_MixedBakeMode: 2
    m_BakeBackend: 1
    m_PVRSampling: 1
    m_PVRDirectSampleCount: 32
    m_PVRSampleCount: 512
    m_PVRBounces: 2
    m_PVREnvironmentSampleCount: 256
    m_PVREnvironmentReferencePointCount: 2048
    m_PVRFilteringMode: 1
    m_PVRDenoiserTypeDirect: 1
    m_PVRDenoiserTypeIndirect: 1
    m_PVRDenoiserTypeAO: 1
    m_PVRFilterTypeDirect: 0
    m_PVRFilterTypeIndirect: 0
    m_PVRFilterTypeAO: 0
    m_PVREnvironmentMIS: 1
    m_PVRCulling: 1
    m_PVRFilteringGaussRadiusDirect: 1
    m_PVRFilteringGaussRadiusIndirect: 5
    m_PVRFilteringGaussRadiusAO: 2
    m_PVRFilteringAtrousPositionSigmaDirect: 0.5
    m_PVRFilteringAtrousPositionSigmaIndirect: 2
    m_PVRFilteringAtrousPositionSigmaAO: 1
    m_ExportTrainingData: 0
    m_TrainingDataDestination: TrainingData
    m_LightProbeSampleCountMultiplier: 4
  m_LightingDataAsset: {fileID: 0}
  m_LightingSettings: {fileID: 0}
--- !u!196 &4
NavMeshSettings:
  serializedVersion: 2
  m_ObjectHideFlags: 0
  m_BuildSettings:
    serializedVersion: 2
    agentTypeID: 0
    agentRadius: 0.5
    agentHeight: 2
    agentSlope: 45
    agentClimb: 0.4
    ledgeDropHeight: 0
    maxJumpAcrossDistance: 0
    minRegionArea: 2
    manualCellSize: 0
    cellSize: 0.16666667
    manualTileSize: 0
    tileSize: 256
    accuratePlacement: 0
    maxJobWorkers: 0
    preserveTilesOutsideBounds: 0
    debug:
      m_Flags: 0
  m_NavMeshData: {fileID: 0}
--- !u!1 &819865486
GameObject:
  m_ObjectHideFlags: 0
  m_CorrespondingSourceObject: {fileID: 0}
  m_PrefabInstance: {fileID: 0}
  m_PrefabAsset: {fileID: 0}
  serializedVersion: 6
  m_Component:
  - component: {fileID: 819865488}
  - component: {fileID: 819865487}
  m_Layer: 0
  m_Name: Directional Light
  m_TagString: Untagged
  m_Icon: {fileID: 0}
  m_NavMeshLayer: 0
  m_StaticEditorFlags: 0
  m_IsActive: 1
--- !u!108 &819865487
Light:
  m_ObjectHideFlags: 0
  m_CorrespondingSourceObject: {fileID: 0}
  m_PrefabInstance: {fileID: 0}
  m_PrefabAsset: {fileID: 0}
  m_GameObject: {fileID: 819865486}
  m_Enabled: 1
  serializedVersion: 10
  m_Type: 1
  m_Shape: 0
  m_Color: {r: 1, g: 0.95686275, b: 0.8392157, a: 1}
  m_Intensity: 1
  m_Range: 10
  m_SpotAngle: 30
  m_InnerSpotAngle: 21.80208
  m_CookieSize: 10
  m_Shadows:
    m_Type: 2
    m_Resolution: -1
    m_CustomResolution: -1
    m_Strength: 1
    m_Bias: 0.05
    m_NormalBias: 0.4
    m_NearPlane: 0.2
    m_CullingMatrixOverride:
      e00: 1
      e01: 0
      e02: 0
      e03: 0
      e10: 0
      e11: 1
      e12: 0
      e13: 0
      e20: 0
      e21: 0
      e22: 1
      e23: 0
      e30: 0
      e31: 0
      e32: 0
      e33: 1
    m_UseCullingMatrixOverride: 0
  m_Cookie: {fileID: 0}
  m_DrawHalo: 0
  m_Flare: {fileID: 0}
  m_RenderMode: 0
  m_CullingMask:
    serializedVersion: 2
    m_Bits: 4294967295
  m_RenderingLayerMask: 1
  m_Lightmapping: 4
  m_LightShadowCasterMode: 0
  m_AreaSize: {x: 1, y: 1}
  m_BounceIntensity: 1
  m_ColorTemperature: 6570
  m_UseColorTemperature: 0
  m_BoundingSphereOverride: {x: 0, y: 0, z: 0, w: 0}
  m_UseBoundingSphereOverride: 0
  m_UseViewFrustumForShadowCasterCull: 1
  m_ShadowRadius: 0
  m_ShadowAngle: 0
--- !u!4 &819865488
Transform:
  m_ObjectHideFlags: 0
  m_CorrespondingSourceObject: {fileID: 0}
  m_PrefabInstance: {fileID: 0}
  m_PrefabAsset: {fileID: 0}
  m_GameObject: {fileID: 819865486}
  m_LocalRotation: {x: 0.40821788, y: -0.23456968, z: 0.10938163, w: 0.8754261}
  m_LocalPosition: {x: 57, y: 219.5, z: -98.8}
  m_LocalScale: {x: 1, y: 1, z: 1}
  m_ConstrainProportionsScale: 0
  m_Children: []
  m_Father: {fileID: 0}
  m_RootOrder: 0
  m_LocalEulerAnglesHint: {x: 50, y: -30, z: 0}
--- !u!1 &949460783
GameObject:
  m_ObjectHideFlags: 0
  m_CorrespondingSourceObject: {fileID: 0}
  m_PrefabInstance: {fileID: 0}
  m_PrefabAsset: {fileID: 0}
  serializedVersion: 6
  m_Component:
  - component: {fileID: 949460787}
  - component: {fileID: 949460786}
  - component: {fileID: 949460785}
  - component: {fileID: 949460784}
  m_Layer: 0
  m_Name: Plane
  m_TagString: Track
  m_Icon: {fileID: 0}
  m_NavMeshLayer: 0
  m_StaticEditorFlags: 0
  m_IsActive: 1
--- !u!64 &949460784
MeshCollider:
  m_ObjectHideFlags: 0
  m_CorrespondingSourceObject: {fileID: 0}
  m_PrefabInstance: {fileID: 0}
  m_PrefabAsset: {fileID: 0}
  m_GameObject: {fileID: 949460783}
  m_Material: {fileID: 0}
  m_IsTrigger: 0
  m_Enabled: 1
  serializedVersion: 4
  m_Convex: 0
  m_CookingOptions: 30
  m_Mesh: {fileID: 10209, guid: 0000000000000000e000000000000000, type: 0}
--- !u!23 &949460785
MeshRenderer:
  m_ObjectHideFlags: 0
  m_CorrespondingSourceObject: {fileID: 0}
  m_PrefabInstance: {fileID: 0}
  m_PrefabAsset: {fileID: 0}
  m_GameObject: {fileID: 949460783}
  m_Enabled: 1
  m_CastShadows: 1
  m_ReceiveShadows: 1
  m_DynamicOccludee: 1
  m_StaticShadowCaster: 0
  m_MotionVectors: 1
  m_LightProbeUsage: 1
  m_ReflectionProbeUsage: 1
  m_RayTracingMode: 2
  m_RayTraceProcedural: 0
  m_RenderingLayerMask: 1
  m_RendererPriority: 0
  m_Materials:
  - {fileID: 2100000, guid: 4b905f60df09c8245b6e0d5af2e04c7f, type: 2}
  m_StaticBatchInfo:
    firstSubMesh: 0
    subMeshCount: 0
  m_StaticBatchRoot: {fileID: 0}
  m_ProbeAnchor: {fileID: 0}
  m_LightProbeVolumeOverride: {fileID: 0}
  m_ScaleInLightmap: 1
  m_ReceiveGI: 1
  m_PreserveUVs: 0
  m_IgnoreNormalsForChartDetection: 0
  m_ImportantGI: 0
  m_StitchLightmapSeams: 1
  m_SelectedEditorRenderState: 3
  m_MinimumChartSize: 4
  m_AutoUVMaxDistance: 0.5
  m_AutoUVMaxAngle: 89
  m_LightmapParameters: {fileID: 0}
  m_SortingLayerID: 0
  m_SortingLayer: 0
  m_SortingOrder: 0
  m_AdditionalVertexStreams: {fileID: 0}
--- !u!33 &949460786
MeshFilter:
  m_ObjectHideFlags: 0
  m_CorrespondingSourceObject: {fileID: 0}
  m_PrefabInstance: {fileID: 0}
  m_PrefabAsset: {fileID: 0}
  m_GameObject: {fileID: 949460783}
  m_Mesh: {fileID: 10209, guid: 0000000000000000e000000000000000, type: 0}
--- !u!4 &949460787
Transform:
  m_ObjectHideFlags: 0
  m_CorrespondingSourceObject: {fileID: 0}
  m_PrefabInstance: {fileID: 0}
  m_PrefabAsset: {fileID: 0}
  m_GameObject: {fileID: 949460783}
  m_LocalRotation: {x: 0, y: 0.7071068, z: 0.7071068, w: 0}
  m_LocalPosition: {x: 0, y: 1448, z: -0}
  m_LocalScale: {x: 56.62426, y: 56.62426, z: 56.62426}
  m_ConstrainProportionsScale: 0
  m_Children: []
  m_Father: {fileID: 0}
  m_RootOrder: 6
  m_LocalEulerAnglesHint: {x: -90, y: 0, z: 180}
--- !u!1001 &1201749873
PrefabInstance:
  m_ObjectHideFlags: 0
  serializedVersion: 2
  m_Modification:
    m_TransformParent: {fileID: 0}
    m_Modifications:
    - target: {fileID: 3009282702569570624, guid: ae7fe91eb438e2a44aa870af6fbfa075, type: 3}
      propertyPath: m_RootOrder
      value: 2
      objectReference: {fileID: 0}
    - target: {fileID: 3009282702569570624, guid: ae7fe91eb438e2a44aa870af6fbfa075, type: 3}
      propertyPath: m_LocalPosition.x
      value: 0
      objectReference: {fileID: 0}
    - target: {fileID: 3009282702569570624, guid: ae7fe91eb438e2a44aa870af6fbfa075, type: 3}
      propertyPath: m_LocalPosition.y
      value: 8
      objectReference: {fileID: 0}
    - target: {fileID: 3009282702569570624, guid: ae7fe91eb438e2a44aa870af6fbfa075, type: 3}
      propertyPath: m_LocalPosition.z
      value: -30
      objectReference: {fileID: 0}
    - target: {fileID: 3009282702569570624, guid: ae7fe91eb438e2a44aa870af6fbfa075, type: 3}
      propertyPath: m_LocalRotation.w
      value: 0.99152285
      objectReference: {fileID: 0}
    - target: {fileID: 3009282702569570624, guid: ae7fe91eb438e2a44aa870af6fbfa075, type: 3}
      propertyPath: m_LocalRotation.x
      value: 0.12993279
      objectReference: {fileID: 0}
    - target: {fileID: 3009282702569570624, guid: ae7fe91eb438e2a44aa870af6fbfa075, type: 3}
      propertyPath: m_LocalRotation.y
      value: 0.000000017060518
      objectReference: {fileID: 0}
    - target: {fileID: 3009282702569570624, guid: ae7fe91eb438e2a44aa870af6fbfa075, type: 3}
      propertyPath: m_LocalRotation.z
      value: -0.000000002235673
      objectReference: {fileID: 0}
    - target: {fileID: 3009282702569570624, guid: ae7fe91eb438e2a44aa870af6fbfa075, type: 3}
      propertyPath: m_LocalEulerAnglesHint.x
      value: 0
      objectReference: {fileID: 0}
    - target: {fileID: 3009282702569570624, guid: ae7fe91eb438e2a44aa870af6fbfa075, type: 3}
      propertyPath: m_LocalEulerAnglesHint.y
      value: 0
      objectReference: {fileID: 0}
    - target: {fileID: 3009282702569570624, guid: ae7fe91eb438e2a44aa870af6fbfa075, type: 3}
      propertyPath: m_LocalEulerAnglesHint.z
      value: 0
      objectReference: {fileID: 0}
    - target: {fileID: 3009282702569570629, guid: ae7fe91eb438e2a44aa870af6fbfa075, type: 3}
      propertyPath: m_Name
      value: Main Camera
      objectReference: {fileID: 0}
    m_RemovedComponents: []
  m_SourcePrefab: {fileID: 100100000, guid: ae7fe91eb438e2a44aa870af6fbfa075, type: 3}
--- !u!1001 &1308966609
PrefabInstance:
  m_ObjectHideFlags: 0
  serializedVersion: 2
  m_Modification:
    m_TransformParent: {fileID: 0}
    m_Modifications:
    - target: {fileID: 2131981183519699200, guid: 965277a3a6d9ac54993af8b6b47b1e14, type: 3}
      propertyPath: m_Name
      value: Timer
      objectReference: {fileID: 0}
    - target: {fileID: 2131981183519699207, guid: 965277a3a6d9ac54993af8b6b47b1e14, type: 3}
      propertyPath: m_RootOrder
      value: 7
      objectReference: {fileID: 0}
    - target: {fileID: 2131981183519699207, guid: 965277a3a6d9ac54993af8b6b47b1e14, type: 3}
      propertyPath: m_LocalPosition.x
      value: 1288.8224
      objectReference: {fileID: 0}
    - target: {fileID: 2131981183519699207, guid: 965277a3a6d9ac54993af8b6b47b1e14, type: 3}
      propertyPath: m_LocalPosition.y
      value: 149.75226
      objectReference: {fileID: 0}
    - target: {fileID: 2131981183519699207, guid: 965277a3a6d9ac54993af8b6b47b1e14, type: 3}
      propertyPath: m_LocalPosition.z
      value: 531.25977
      objectReference: {fileID: 0}
    - target: {fileID: 2131981183519699207, guid: 965277a3a6d9ac54993af8b6b47b1e14, type: 3}
      propertyPath: m_LocalRotation.w
      value: 1
      objectReference: {fileID: 0}
    - target: {fileID: 2131981183519699207, guid: 965277a3a6d9ac54993af8b6b47b1e14, type: 3}
      propertyPath: m_LocalRotation.x
      value: 0
      objectReference: {fileID: 0}
    - target: {fileID: 2131981183519699207, guid: 965277a3a6d9ac54993af8b6b47b1e14, type: 3}
      propertyPath: m_LocalRotation.y
      value: 0
      objectReference: {fileID: 0}
    - target: {fileID: 2131981183519699207, guid: 965277a3a6d9ac54993af8b6b47b1e14, type: 3}
      propertyPath: m_LocalRotation.z
      value: 0
      objectReference: {fileID: 0}
    - target: {fileID: 2131981183519699207, guid: 965277a3a6d9ac54993af8b6b47b1e14, type: 3}
      propertyPath: m_LocalEulerAnglesHint.x
      value: 0
      objectReference: {fileID: 0}
    - target: {fileID: 2131981183519699207, guid: 965277a3a6d9ac54993af8b6b47b1e14, type: 3}
      propertyPath: m_LocalEulerAnglesHint.y
      value: 0
      objectReference: {fileID: 0}
    - target: {fileID: 2131981183519699207, guid: 965277a3a6d9ac54993af8b6b47b1e14, type: 3}
      propertyPath: m_LocalEulerAnglesHint.z
      value: 0
      objectReference: {fileID: 0}
    m_RemovedComponents: []
  m_SourcePrefab: {fileID: 100100000, guid: 965277a3a6d9ac54993af8b6b47b1e14, type: 3}
--- !u!1 &1308966610 stripped
GameObject:
  m_CorrespondingSourceObject: {fileID: 2131981183519699200, guid: 965277a3a6d9ac54993af8b6b47b1e14, type: 3}
  m_PrefabInstance: {fileID: 1308966609}
  m_PrefabAsset: {fileID: 0}
--- !u!1001 &1348883430
PrefabInstance:
  m_ObjectHideFlags: 0
  serializedVersion: 2
  m_Modification:
    m_TransformParent: {fileID: 0}
    m_Modifications:
    - target: {fileID: 3315232402624029154, guid: 0bf8d77410fe5ff4fae8c7d5841bf3a3, type: 3}
      propertyPath: m_Name
      value: BlueFalcon
      objectReference: {fileID: 0}
    - target: {fileID: 3315232402624029155, guid: 0bf8d77410fe5ff4fae8c7d5841bf3a3, type: 3}
      propertyPath: m_RootOrder
      value: 4
      objectReference: {fileID: 0}
    - target: {fileID: 3315232402624029155, guid: 0bf8d77410fe5ff4fae8c7d5841bf3a3, type: 3}
      propertyPath: m_LocalPosition.x
      value: 0
      objectReference: {fileID: 0}
    - target: {fileID: 3315232402624029155, guid: 0bf8d77410fe5ff4fae8c7d5841bf3a3, type: 3}
      propertyPath: m_LocalPosition.y
      value: 0
      objectReference: {fileID: 0}
    - target: {fileID: 3315232402624029155, guid: 0bf8d77410fe5ff4fae8c7d5841bf3a3, type: 3}
      propertyPath: m_LocalPosition.z
      value: 0
      objectReference: {fileID: 0}
    - target: {fileID: 3315232402624029155, guid: 0bf8d77410fe5ff4fae8c7d5841bf3a3, type: 3}
      propertyPath: m_LocalRotation.w
      value: 1
      objectReference: {fileID: 0}
    - target: {fileID: 3315232402624029155, guid: 0bf8d77410fe5ff4fae8c7d5841bf3a3, type: 3}
      propertyPath: m_LocalRotation.x
      value: 0
      objectReference: {fileID: 0}
    - target: {fileID: 3315232402624029155, guid: 0bf8d77410fe5ff4fae8c7d5841bf3a3, type: 3}
      propertyPath: m_LocalRotation.y
      value: 0
      objectReference: {fileID: 0}
    - target: {fileID: 3315232402624029155, guid: 0bf8d77410fe5ff4fae8c7d5841bf3a3, type: 3}
      propertyPath: m_LocalRotation.z
      value: 0
      objectReference: {fileID: 0}
    - target: {fileID: 3315232402624029155, guid: 0bf8d77410fe5ff4fae8c7d5841bf3a3, type: 3}
      propertyPath: m_LocalEulerAnglesHint.x
      value: 0
      objectReference: {fileID: 0}
    - target: {fileID: 3315232402624029155, guid: 0bf8d77410fe5ff4fae8c7d5841bf3a3, type: 3}
      propertyPath: m_LocalEulerAnglesHint.y
      value: 0
      objectReference: {fileID: 0}
    - target: {fileID: 3315232402624029155, guid: 0bf8d77410fe5ff4fae8c7d5841bf3a3, type: 3}
      propertyPath: m_LocalEulerAnglesHint.z
      value: 0
      objectReference: {fileID: 0}
    m_RemovedComponents: []
  m_SourcePrefab: {fileID: 100100000, guid: 0bf8d77410fe5ff4fae8c7d5841bf3a3, type: 3}
--- !u!4 &1348883431 stripped
Transform:
  m_CorrespondingSourceObject: {fileID: 3315232402624029155, guid: 0bf8d77410fe5ff4fae8c7d5841bf3a3, type: 3}
  m_PrefabInstance: {fileID: 1348883430}
  m_PrefabAsset: {fileID: 0}
--- !u!1 &1348883432 stripped
GameObject:
  m_CorrespondingSourceObject: {fileID: 3315232402624029154, guid: 0bf8d77410fe5ff4fae8c7d5841bf3a3, type: 3}
  m_PrefabInstance: {fileID: 1348883430}
  m_PrefabAsset: {fileID: 0}
--- !u!1001 &1565553765
PrefabInstance:
  m_ObjectHideFlags: 0
  serializedVersion: 2
  m_Modification:
    m_TransformParent: {fileID: 0}
    m_Modifications:
    - target: {fileID: 1779758594116751903, guid: 88d86f6f7117ede4eb1d2a588732f693, type: 3}
      propertyPath: m_LocalPosition.x
      value: 0
      objectReference: {fileID: 0}
    - target: {fileID: 1779758594116751903, guid: 88d86f6f7117ede4eb1d2a588732f693, type: 3}
      propertyPath: m_LocalPosition.y
      value: 0
      objectReference: {fileID: 0}
    - target: {fileID: 1779758594116751903, guid: 88d86f6f7117ede4eb1d2a588732f693, type: 3}
      propertyPath: m_LocalPosition.z
      value: 0
      objectReference: {fileID: 0}
    - target: {fileID: 1779758594116751903, guid: 88d86f6f7117ede4eb1d2a588732f693, type: 3}
      propertyPath: m_LocalRotation.w
      value: 0.99152285
      objectReference: {fileID: 0}
    - target: {fileID: 1779758594116751903, guid: 88d86f6f7117ede4eb1d2a588732f693, type: 3}
      propertyPath: m_LocalRotation.x
      value: 0.12993279
      objectReference: {fileID: 0}
    - target: {fileID: 1779758594116751903, guid: 88d86f6f7117ede4eb1d2a588732f693, type: 3}
      propertyPath: m_LocalRotation.y
      value: 0.000000017060522
      objectReference: {fileID: 0}
    - target: {fileID: 1779758594116751903, guid: 88d86f6f7117ede4eb1d2a588732f693, type: 3}
      propertyPath: m_LocalRotation.z
      value: -0.0000000022356734
      objectReference: {fileID: 0}
    - target: {fileID: 1779758594723855024, guid: 88d86f6f7117ede4eb1d2a588732f693, type: 3}
      propertyPath: m_LocalPosition.x
      value: 0
      objectReference: {fileID: 0}
    - target: {fileID: 1779758594723855024, guid: 88d86f6f7117ede4eb1d2a588732f693, type: 3}
      propertyPath: m_LocalRotation.w
      value: 0.99152285
      objectReference: {fileID: 0}
    - target: {fileID: 1779758594723855024, guid: 88d86f6f7117ede4eb1d2a588732f693, type: 3}
      propertyPath: m_LocalRotation.x
      value: 0.12993279
      objectReference: {fileID: 0}
    - target: {fileID: 1779758594723855024, guid: 88d86f6f7117ede4eb1d2a588732f693, type: 3}
      propertyPath: m_LocalRotation.y
      value: 0.000000017060518
      objectReference: {fileID: 0}
    - target: {fileID: 1779758594723855024, guid: 88d86f6f7117ede4eb1d2a588732f693, type: 3}
      propertyPath: m_LocalRotation.z
      value: -0.000000002235673
      objectReference: {fileID: 0}
    - target: {fileID: 1779758595775039956, guid: 88d86f6f7117ede4eb1d2a588732f693, type: 3}
      propertyPath: m_LocalPosition.x
      value: 0
      objectReference: {fileID: 0}
    - target: {fileID: 1779758595775039956, guid: 88d86f6f7117ede4eb1d2a588732f693, type: 3}
      propertyPath: m_LocalPosition.y
      value: 0
      objectReference: {fileID: 0}
    - target: {fileID: 1779758595775039956, guid: 88d86f6f7117ede4eb1d2a588732f693, type: 3}
      propertyPath: m_LocalPosition.z
      value: 0
      objectReference: {fileID: 0}
    - target: {fileID: 1779758595775039956, guid: 88d86f6f7117ede4eb1d2a588732f693, type: 3}
      propertyPath: m_LocalRotation.w
      value: 0.99152285
      objectReference: {fileID: 0}
    - target: {fileID: 1779758595775039956, guid: 88d86f6f7117ede4eb1d2a588732f693, type: 3}
      propertyPath: m_LocalRotation.x
      value: 0.12993279
      objectReference: {fileID: 0}
    - target: {fileID: 1779758595775039956, guid: 88d86f6f7117ede4eb1d2a588732f693, type: 3}
      propertyPath: m_LocalRotation.y
      value: -0.000000017070587
      objectReference: {fileID: 0}
    - target: {fileID: 1779758595775039956, guid: 88d86f6f7117ede4eb1d2a588732f693, type: 3}
      propertyPath: m_LocalRotation.z
      value: 0.0000000022369924
      objectReference: {fileID: 0}
    - target: {fileID: 1779758595802866730, guid: 88d86f6f7117ede4eb1d2a588732f693, type: 3}
      propertyPath: m_Follow
      value: 
      objectReference: {fileID: 1348883431}
    - target: {fileID: 1779758595802866730, guid: 88d86f6f7117ede4eb1d2a588732f693, type: 3}
      propertyPath: m_LookAt
      value: 
      objectReference: {fileID: 1348883431}
    - target: {fileID: 1779758595802866730, guid: 88d86f6f7117ede4eb1d2a588732f693, type: 3}
      propertyPath: m_YAxis.Value
      value: 0.5
      objectReference: {fileID: 0}
    - target: {fileID: 1779758595802866731, guid: 88d86f6f7117ede4eb1d2a588732f693, type: 3}
      propertyPath: m_RootOrder
      value: 1
      objectReference: {fileID: 0}
    - target: {fileID: 1779758595802866731, guid: 88d86f6f7117ede4eb1d2a588732f693, type: 3}
      propertyPath: m_LocalPosition.x
      value: 0
      objectReference: {fileID: 0}
    - target: {fileID: 1779758595802866731, guid: 88d86f6f7117ede4eb1d2a588732f693, type: 3}
      propertyPath: m_LocalPosition.y
      value: 8
      objectReference: {fileID: 0}
    - target: {fileID: 1779758595802866731, guid: 88d86f6f7117ede4eb1d2a588732f693, type: 3}
      propertyPath: m_LocalPosition.z
      value: -30
      objectReference: {fileID: 0}
    - target: {fileID: 1779758595802866731, guid: 88d86f6f7117ede4eb1d2a588732f693, type: 3}
      propertyPath: m_LocalRotation.w
      value: 1
      objectReference: {fileID: 0}
    - target: {fileID: 1779758595802866731, guid: 88d86f6f7117ede4eb1d2a588732f693, type: 3}
      propertyPath: m_LocalRotation.x
      value: 0
      objectReference: {fileID: 0}
    - target: {fileID: 1779758595802866731, guid: 88d86f6f7117ede4eb1d2a588732f693, type: 3}
      propertyPath: m_LocalRotation.y
      value: 0
      objectReference: {fileID: 0}
    - target: {fileID: 1779758595802866731, guid: 88d86f6f7117ede4eb1d2a588732f693, type: 3}
      propertyPath: m_LocalRotation.z
      value: 0
      objectReference: {fileID: 0}
    - target: {fileID: 1779758595802866731, guid: 88d86f6f7117ede4eb1d2a588732f693, type: 3}
      propertyPath: m_LocalEulerAnglesHint.x
      value: 0
      objectReference: {fileID: 0}
    - target: {fileID: 1779758595802866731, guid: 88d86f6f7117ede4eb1d2a588732f693, type: 3}
      propertyPath: m_LocalEulerAnglesHint.y
      value: 0
      objectReference: {fileID: 0}
    - target: {fileID: 1779758595802866731, guid: 88d86f6f7117ede4eb1d2a588732f693, type: 3}
      propertyPath: m_LocalEulerAnglesHint.z
      value: 0
      objectReference: {fileID: 0}
    - target: {fileID: 1779758595802866733, guid: 88d86f6f7117ede4eb1d2a588732f693, type: 3}
      propertyPath: m_Name
      value: VehicleFollowCam
      objectReference: {fileID: 0}
    m_RemovedComponents: []
  m_SourcePrefab: {fileID: 100100000, guid: 88d86f6f7117ede4eb1d2a588732f693, type: 3}
--- !u!1001 &1595386521
PrefabInstance:
  m_ObjectHideFlags: 0
  serializedVersion: 2
  m_Modification:
    m_TransformParent: {fileID: 0}
    m_Modifications:
    - target: {fileID: 1369848882937934672, guid: 5708d0a971c133649b2915d641df2f85, type: 3}
      propertyPath: timerObj
      value: 
      objectReference: {fileID: 1308966610}
    - target: {fileID: 1369848882937934672, guid: 5708d0a971c133649b2915d641df2f85, type: 3}
      propertyPath: vehicleObj
      value: 
      objectReference: {fileID: 1348883432}
    - target: {fileID: 1369848882937934672, guid: 5708d0a971c133649b2915d641df2f85, type: 3}
      propertyPath: playerVehicleObj
      value: 
      objectReference: {fileID: 1348883432}
    - target: {fileID: 1369848882937934675, guid: 5708d0a971c133649b2915d641df2f85, type: 3}
      propertyPath: m_Name
      value: PlayerUI
      objectReference: {fileID: 0}
    - target: {fileID: 1369848882937934676, guid: 5708d0a971c133649b2915d641df2f85, type: 3}
      propertyPath: m_Pivot.x
      value: 0
      objectReference: {fileID: 0}
    - target: {fileID: 1369848882937934676, guid: 5708d0a971c133649b2915d641df2f85, type: 3}
      propertyPath: m_Pivot.y
      value: 0
      objectReference: {fileID: 0}
    - target: {fileID: 1369848882937934676, guid: 5708d0a971c133649b2915d641df2f85, type: 3}
      propertyPath: m_RootOrder
      value: 5
      objectReference: {fileID: 0}
    - target: {fileID: 1369848882937934676, guid: 5708d0a971c133649b2915d641df2f85, type: 3}
      propertyPath: m_AnchorMax.x
      value: 0
      objectReference: {fileID: 0}
    - target: {fileID: 1369848882937934676, guid: 5708d0a971c133649b2915d641df2f85, type: 3}
      propertyPath: m_AnchorMax.y
      value: 0
      objectReference: {fileID: 0}
    - target: {fileID: 1369848882937934676, guid: 5708d0a971c133649b2915d641df2f85, type: 3}
      propertyPath: m_AnchorMin.x
      value: 0
      objectReference: {fileID: 0}
    - target: {fileID: 1369848882937934676, guid: 5708d0a971c133649b2915d641df2f85, type: 3}
      propertyPath: m_AnchorMin.y
      value: 0
      objectReference: {fileID: 0}
    - target: {fileID: 1369848882937934676, guid: 5708d0a971c133649b2915d641df2f85, type: 3}
      propertyPath: m_SizeDelta.x
      value: 0
      objectReference: {fileID: 0}
    - target: {fileID: 1369848882937934676, guid: 5708d0a971c133649b2915d641df2f85, type: 3}
      propertyPath: m_SizeDelta.y
      value: 0
      objectReference: {fileID: 0}
    - target: {fileID: 1369848882937934676, guid: 5708d0a971c133649b2915d641df2f85, type: 3}
      propertyPath: m_LocalPosition.x
      value: 0
      objectReference: {fileID: 0}
    - target: {fileID: 1369848882937934676, guid: 5708d0a971c133649b2915d641df2f85, type: 3}
      propertyPath: m_LocalPosition.y
      value: 0
      objectReference: {fileID: 0}
    - target: {fileID: 1369848882937934676, guid: 5708d0a971c133649b2915d641df2f85, type: 3}
      propertyPath: m_LocalPosition.z
      value: 0
      objectReference: {fileID: 0}
    - target: {fileID: 1369848882937934676, guid: 5708d0a971c133649b2915d641df2f85, type: 3}
      propertyPath: m_LocalRotation.w
      value: 1
      objectReference: {fileID: 0}
    - target: {fileID: 1369848882937934676, guid: 5708d0a971c133649b2915d641df2f85, type: 3}
      propertyPath: m_LocalRotation.x
      value: 0
      objectReference: {fileID: 0}
    - target: {fileID: 1369848882937934676, guid: 5708d0a971c133649b2915d641df2f85, type: 3}
      propertyPath: m_LocalRotation.y
      value: 0
      objectReference: {fileID: 0}
    - target: {fileID: 1369848882937934676, guid: 5708d0a971c133649b2915d641df2f85, type: 3}
      propertyPath: m_LocalRotation.z
      value: 0
      objectReference: {fileID: 0}
    - target: {fileID: 1369848882937934676, guid: 5708d0a971c133649b2915d641df2f85, type: 3}
      propertyPath: m_AnchoredPosition.x
      value: 0
      objectReference: {fileID: 0}
    - target: {fileID: 1369848882937934676, guid: 5708d0a971c133649b2915d641df2f85, type: 3}
      propertyPath: m_AnchoredPosition.y
      value: 0
      objectReference: {fileID: 0}
    - target: {fileID: 1369848882937934676, guid: 5708d0a971c133649b2915d641df2f85, type: 3}
      propertyPath: m_LocalEulerAnglesHint.x
      value: 0
      objectReference: {fileID: 0}
    - target: {fileID: 1369848882937934676, guid: 5708d0a971c133649b2915d641df2f85, type: 3}
      propertyPath: m_LocalEulerAnglesHint.y
      value: 0
      objectReference: {fileID: 0}
    - target: {fileID: 1369848882937934676, guid: 5708d0a971c133649b2915d641df2f85, type: 3}
      propertyPath: m_LocalEulerAnglesHint.z
      value: 0
      objectReference: {fileID: 0}
    m_RemovedComponents: []
  m_SourcePrefab: {fileID: 100100000, guid: 5708d0a971c133649b2915d641df2f85, type: 3}
--- !u!1 &1595386522 stripped
GameObject:
  m_CorrespondingSourceObject: {fileID: 1369848882937934675, guid: 5708d0a971c133649b2915d641df2f85, type: 3}
  m_PrefabInstance: {fileID: 1595386521}
  m_PrefabAsset: {fileID: 0}
--- !u!1001 &1742355941
PrefabInstance:
  m_ObjectHideFlags: 0
  serializedVersion: 2
  m_Modification:
    m_TransformParent: {fileID: 0}
    m_Modifications:
    - target: {fileID: -8679921383154817045, guid: 9e251eb037236be48a81631d7e1e518d, type: 3}
      propertyPath: m_RootOrder
      value: 3
      objectReference: {fileID: 0}
    - target: {fileID: -8679921383154817045, guid: 9e251eb037236be48a81631d7e1e518d, type: 3}
      propertyPath: m_LocalScale.x
      value: 666.7544
      objectReference: {fileID: 0}
    - target: {fileID: -8679921383154817045, guid: 9e251eb037236be48a81631d7e1e518d, type: 3}
      propertyPath: m_LocalScale.y
      value: 666.7544
      objectReference: {fileID: 0}
    - target: {fileID: -8679921383154817045, guid: 9e251eb037236be48a81631d7e1e518d, type: 3}
      propertyPath: m_LocalScale.z
      value: 666.7544
      objectReference: {fileID: 0}
    - target: {fileID: -8679921383154817045, guid: 9e251eb037236be48a81631d7e1e518d, type: 3}
      propertyPath: m_LocalPosition.x
      value: 90.809
      objectReference: {fileID: 0}
    - target: {fileID: -8679921383154817045, guid: 9e251eb037236be48a81631d7e1e518d, type: 3}
      propertyPath: m_LocalPosition.y
      value: 1728
      objectReference: {fileID: 0}
    - target: {fileID: -8679921383154817045, guid: 9e251eb037236be48a81631d7e1e518d, type: 3}
      propertyPath: m_LocalPosition.z
      value: -21
      objectReference: {fileID: 0}
    - target: {fileID: -8679921383154817045, guid: 9e251eb037236be48a81631d7e1e518d, type: 3}
      propertyPath: m_LocalRotation.w
      value: 0.5
      objectReference: {fileID: 0}
    - target: {fileID: -8679921383154817045, guid: 9e251eb037236be48a81631d7e1e518d, type: 3}
      propertyPath: m_LocalRotation.x
      value: 0.5
      objectReference: {fileID: 0}
    - target: {fileID: -8679921383154817045, guid: 9e251eb037236be48a81631d7e1e518d, type: 3}
      propertyPath: m_LocalRotation.y
      value: -0.5
      objectReference: {fileID: 0}
    - target: {fileID: -8679921383154817045, guid: 9e251eb037236be48a81631d7e1e518d, type: 3}
      propertyPath: m_LocalRotation.z
      value: 0.5
      objectReference: {fileID: 0}
    - target: {fileID: -8679921383154817045, guid: 9e251eb037236be48a81631d7e1e518d, type: 3}
      propertyPath: m_LocalEulerAnglesHint.x
      value: -270
      objectReference: {fileID: 0}
    - target: {fileID: -8679921383154817045, guid: 9e251eb037236be48a81631d7e1e518d, type: 3}
      propertyPath: m_LocalEulerAnglesHint.y
      value: 90
      objectReference: {fileID: 0}
    - target: {fileID: -8679921383154817045, guid: 9e251eb037236be48a81631d7e1e518d, type: 3}
      propertyPath: m_LocalEulerAnglesHint.z
      value: -180
      objectReference: {fileID: 0}
    - target: {fileID: -3855335175272487014, guid: 9e251eb037236be48a81631d7e1e518d, type: 3}
      propertyPath: m_Materials.Array.data[0]
      value: 
      objectReference: {fileID: 2100000, guid: 07dc66ae04b7f6a43b9674bf0fefb33a, type: 2}
    - target: {fileID: 919132149155446097, guid: 9e251eb037236be48a81631d7e1e518d, type: 3}
      propertyPath: m_Name
      value: invertedSurface v0
      objectReference: {fileID: 0}
    m_RemovedComponents: []
  m_SourcePrefab: {fileID: 100100000, guid: 9e251eb037236be48a81631d7e1e518d, type: 3}
--- !u!1 &1742355942 stripped
GameObject:
  m_CorrespondingSourceObject: {fileID: -3372522033569347474, guid: 9e251eb037236be48a81631d7e1e518d, type: 3}
  m_PrefabInstance: {fileID: 1742355941}
  m_PrefabAsset: {fileID: 0}
--- !u!64 &1742355943
MeshCollider:
  m_ObjectHideFlags: 0
  m_CorrespondingSourceObject: {fileID: 0}
  m_PrefabInstance: {fileID: 0}
  m_PrefabAsset: {fileID: 0}
  m_GameObject: {fileID: 1742355942}
  m_Material: {fileID: 0}
  m_IsTrigger: 0
  m_Enabled: 1
  serializedVersion: 4
  m_Convex: 0
  m_CookingOptions: 30
  m_Mesh: {fileID: 8604045607132181640, guid: 9e251eb037236be48a81631d7e1e518d, type: 3}
--- !u!1001 &2026099854
PrefabInstance:
  m_ObjectHideFlags: 0
  serializedVersion: 2
  m_Modification:
    m_TransformParent: {fileID: 0}
    m_Modifications:
    - target: {fileID: 1351723507467908237, guid: b49d43df638860645adf45fef3163848, type: 3}
      propertyPath: uiObj
      value: 
      objectReference: {fileID: 1595386522}
    - target: {fileID: 1351723507467908237, guid: b49d43df638860645adf45fef3163848, type: 3}
      propertyPath: timerObj
      value: 
      objectReference: {fileID: 1308966610}
    - target: {fileID: 8963245904791319645, guid: b49d43df638860645adf45fef3163848, type: 3}
      propertyPath: m_RootOrder
      value: 8
      objectReference: {fileID: 0}
    - target: {fileID: 8963245904791319645, guid: b49d43df638860645adf45fef3163848, type: 3}
      propertyPath: m_LocalPosition.x
      value: -969.0851
      objectReference: {fileID: 0}
    - target: {fileID: 8963245904791319645, guid: b49d43df638860645adf45fef3163848, type: 3}
      propertyPath: m_LocalPosition.y
      value: 2379.7197
      objectReference: {fileID: 0}
    - target: {fileID: 8963245904791319645, guid: b49d43df638860645adf45fef3163848, type: 3}
      propertyPath: m_LocalPosition.z
      value: 1599.3984
      objectReference: {fileID: 0}
    - target: {fileID: 8963245904791319645, guid: b49d43df638860645adf45fef3163848, type: 3}
      propertyPath: m_LocalRotation.w
      value: 1
      objectReference: {fileID: 0}
    - target: {fileID: 8963245904791319645, guid: b49d43df638860645adf45fef3163848, type: 3}
      propertyPath: m_LocalRotation.x
      value: 0
      objectReference: {fileID: 0}
    - target: {fileID: 8963245904791319645, guid: b49d43df638860645adf45fef3163848, type: 3}
      propertyPath: m_LocalRotation.y
      value: 0
      objectReference: {fileID: 0}
    - target: {fileID: 8963245904791319645, guid: b49d43df638860645adf45fef3163848, type: 3}
      propertyPath: m_LocalRotation.z
      value: 0
      objectReference: {fileID: 0}
    - target: {fileID: 8963245904791319645, guid: b49d43df638860645adf45fef3163848, type: 3}
      propertyPath: m_LocalEulerAnglesHint.x
      value: 0
      objectReference: {fileID: 0}
    - target: {fileID: 8963245904791319645, guid: b49d43df638860645adf45fef3163848, type: 3}
      propertyPath: m_LocalEulerAnglesHint.y
      value: 0
      objectReference: {fileID: 0}
    - target: {fileID: 8963245904791319645, guid: b49d43df638860645adf45fef3163848, type: 3}
      propertyPath: m_LocalEulerAnglesHint.z
      value: 0
      objectReference: {fileID: 0}
    - target: {fileID: 8963245904791319647, guid: b49d43df638860645adf45fef3163848, type: 3}
      propertyPath: m_Name
      value: Manager
      objectReference: {fileID: 0}
    m_RemovedComponents: []
  m_SourcePrefab: {fileID: 100100000, guid: b49d43df638860645adf45fef3163848, type: 3}
